@book{szokolay08,
	author={Steven {V. Szokolay}},
	title={Introduction to Architectural Science The Basis of Sustainable Design},
	publisher={Architectural Press},
	year={2008},
	edition={Second}
}
@Book{krygiel08,
	author={Eddy Krygiel and Bradley Nies},
	title={Green BIM: Successful Sustainable Design with Building Information Modelling},
	publisher={Wiley Publishing, Inc.},
	year={2008},
	edtion={First}
}
@Book{bauer10,
	author={Michael Bauer and Peter MÃ¶sle and Michael Schwarz},
	title={Green Building - Guidebook for Sustainable Architecture},
	publisher={Springer},
	year={2010},
	edition={Second}
}
@Book{knaack09,
	author={Ulrich Knaack and Tillmann Klein},
	title={The Future Envelope 2: Architecture-Climate-Skin},
	publisher={IOS Press},
	year={2009},
	volume={9},
	series={Research in Architectural Engineering}
}
@Book{williams07,
	author={Daniel E. Williams},
	title={Sustainable Design: Ecology, Architecture and Planning},
	publisher={John Wiley and Sons, Inc.},
	year={2007}
}
@Book{haselbach08,
	author={Liv Haselbach},
	title={The Engineering Guide to LEED - New Construction},
	publisher={McGraw Hill},
	year={2008}
}
@Book{williamson03,
	author={Terry Williamson and Antony Radford and Helen Bennetts},
	title={Understanding Sustainable Architecture},
	publisher={Spon Press},
	year={2003}
}
@Book{edwards96,
	title={Towards sustainable architecture: European directives and building design},
	author={Brian Edwards},
	isbn={9780750624923},
	series={Butterworth Architecture legal series},
	year={1996},
	publisher={Butterworth Architecture}
}
@Booklet{nauman07,
	title= "District Cooling and Power",
	author= "Nauman Ahmed",
	howpublished= "Wartsila, digital publication"
}
@book{merriam03,
	title={Merriam-Webster's Collegiate Dictionary},
	isbn={9780877798095},
	year={2003},
	publisher={Merriam-Webster, Inc.}
}
@book{straube05,
	title={Building science for building enclosures},
	author={Straube, J.F. and Burnett, E.F.P.},
	isbn={9780975512746},
	year={2005},
	publisher={Building Science Press}
}
@book{AIA82,
	title={Thermal transfer through the envelope},
	author={American Institute of Architects},
	lccn={81070683},
	series={Architect's handbook of energy practice},
	url={http://books.google.com.eg/books?id=pjRSAAAAMAAJ},
	year={1982},
	publisher={The Institute}
}
@booklet{HPO,
	title={What is a Building Envelope?},
	author={BC Housing Homeowner Protection Office},
	howpublished={Digital publication}
}
@book{terzidis06,
	title={Algorithmic Design},
	author={Kostas Terzidis},
	year={2006},
	publisher={Architectural Press},
	isbn={978-0-7506-6725-8}
}
@phdthesis{hernandez06,
	title={Design Procedures: A Computational Framework for Parametric Design and Complex Shapes in Architecture},
	author={Carlos Roberto Barrio Hernandez},
	school={Massachusetts Institute of Technology, Department of Architecture},
	year={2006}
}
@mastersthesis{arida04,
	title={Contextualizing Generative Design},
	author={Saeed Arida},
	school={Massachusetts Institute of Technology, Department of Architecture},
	year={2004},
}